<record><leader>00000cas a2200000 i 4500</leader><controlfield tag="001">846849739</controlfield><controlfield tag="006">m     o  d        </controlfield><controlfield tag="007">cr |||||||||||</controlfield><controlfield tag="008">130605d186519uulaucr ne      0   a0eng  </controlfield><datafield ind1=" " ind2=" " tag="010"><subfield code="a">  2013218798</subfield></datafield><datafield ind1=" " ind2=" " tag="040"><subfield code="a">DLC</subfield><subfield code="b">eng</subfield><subfield code="c">DLC</subfield><subfield code="d">OCLCA</subfield><subfield code="d">OCLCF</subfield><subfield code="d">OCLCQ</subfield><subfield code="d">IUL</subfield><subfield code="d">OCL</subfield></datafield><datafield ind1="0" ind2=" " tag="022"><subfield code="a">2329-4213</subfield><subfield code="2">1</subfield></datafield><datafield ind1=" " ind2=" " tag="042"><subfield code="a">pcc</subfield><subfield code="a">nsdp</subfield></datafield><datafield ind1=" " ind2=" " tag="043"><subfield code="a">n-us-la</subfield></datafield><datafield ind1="1" ind2="0" tag="050"><subfield code="a">ISSN RECORD</subfield></datafield><datafield ind1="0" ind2="0" tag="082"><subfield code="a">071</subfield><subfield code="2">23</subfield></datafield><datafield ind1="0" ind2=" " tag="130"><subfield code="a">Lafayette advertiser (Vermilionville, La. : 1865 : Online)</subfield></datafield><datafield ind1=" " ind2="4" tag="222"><subfield code="a">The Lafayette advertiser</subfield><subfield code="b">(Vermilionville, La. 1865. Online)</subfield></datafield><datafield ind1="1" ind2="4" tag="245"><subfield code="a">The Lafayette advertiser.</subfield></datafield><datafield ind1=" " ind2="1" tag="264"><subfield code="a">Vermilionville [Lafayette], La. :</subfield><subfield code="b">Wm. B. Bailey</subfield></datafield><datafield ind1=" " ind2=" " tag="310"><subfield code="a">Semiweekly,</subfield><subfield code="b">Aug. 28, 1907-</subfield></datafield><datafield ind1=" " ind2=" " tag="321"><subfield code="a">Weekly,</subfield><subfield code="b">&lt;1869&gt;-Mar. 11, 1893</subfield></datafield><datafield ind1=" " ind2=" " tag="321"><subfield code="a">Semiweekly,</subfield><subfield code="b">Mar. 15, 1893-June 3, 1893</subfield></datafield><datafield ind1=" " ind2=" " tag="321"><subfield code="a">Weekly,</subfield><subfield code="b">June 10, 1893-Aug. 21, 1907</subfield></datafield><datafield ind1=" " ind2=" " tag="336"><subfield code="a">text</subfield><subfield code="b">txt</subfield><subfield code="2">rdacontent</subfield></datafield><datafield ind1=" " ind2=" " tag="337"><subfield code="a">computer</subfield><subfield code="b">c</subfield><subfield code="2">rdamedia</subfield></datafield><datafield ind1=" " ind2=" " tag="338"><subfield code="a">online resource</subfield><subfield code="b">cr</subfield><subfield code="2">rdacarrier</subfield></datafield><datafield ind1="1" ind2=" " tag="362"><subfield code="a">Began in 1865.</subfield></datafield><datafield ind1=" " ind2=" " tag="530"><subfield code="a">Archived issues are available in digital format as part of the Library of Congress Chronicling America online collection.</subfield></datafield><datafield ind1=" " ind2=" " tag="546"><subfield code="a">In English and French, &lt;1869&gt;-1889; in English, 1890-</subfield></datafield><datafield ind1=" " ind2=" " tag="588"><subfield code="a">Description based on: Vol. 4, no. 11 (Jan. 2, 1869); title from masthead (Chroniclingamerica.loc.gov, viewed June 5, 2013).</subfield></datafield><datafield ind1=" " ind2=" " tag="588"><subfield code="a">Latest issue consulted: Volume XXXIX, number 17 (December 30, 1903) (Chroniclingamerica.loc.gov, viewed June 5, 2013).</subfield></datafield><datafield ind1=" " ind2="0" tag="651"><subfield code="a">Lafayette (La.)</subfield><subfield code="v">Newspapers.</subfield></datafield><datafield ind1=" " ind2="0" tag="651"><subfield code="a">Lafayette Parish (La.)</subfield><subfield code="v">Newspapers.</subfield></datafield><datafield ind1=" " ind2="7" tag="651"><subfield code="a">Louisiana</subfield><subfield code="z">Lafayette.</subfield><subfield code="2">fast</subfield><subfield code="0">(OCoLC)fst01229746</subfield></datafield><datafield ind1=" " ind2="7" tag="651"><subfield code="a">Louisiana</subfield><subfield code="z">Lafayette Parish.</subfield><subfield code="2">fast</subfield><subfield code="0">(OCoLC)fst01221177</subfield></datafield><datafield ind1=" " ind2="7" tag="655"><subfield code="a">Newspapers.</subfield><subfield code="2">fast</subfield><subfield code="0">(OCoLC)fst01423814</subfield></datafield><datafield ind1=" " ind2=" " tag="752"><subfield code="a">United States</subfield><subfield code="b">Louisiana</subfield><subfield code="c">Lafayette</subfield><subfield code="d">Lafayette.</subfield></datafield><datafield ind1=" " ind2=" " tag="752"><subfield code="a">United States</subfield><subfield code="b">Louisiana</subfield><subfield code="c">Lafayette</subfield><subfield code="d">Vermilionville.</subfield></datafield><datafield ind1="0" ind2=" " tag="775"><subfield code="t">Daily advertiser (Lafayette, La. : Online)</subfield></datafield><datafield ind1="0" ind2="8" tag="776"><subfield code="i">Originally issued in print:</subfield><subfield code="t">Lafayette advertiser (Vermilionville, La. : 1865)</subfield><subfield code="x">2329-4205</subfield><subfield code="w">(DLC)sn 86079068</subfield><subfield code="w">(OCoLC)13155858</subfield></datafield><datafield ind1="4" ind2="1" tag="856"><subfield code="u">http://chroniclingamerica.loc.gov/lccn/sn86079068/issues</subfield></datafield><datafield ind1="1" ind2=" " tag="029"><subfield code="a">NZ1</subfield><subfield code="b">15124577</subfield></datafield></record>